@book{Balog:2018:Book,
  author    = {Krisztian Balog},
  title     = {Entity-Oriented Search},
  series    = {The Information Retrieval Series},
  volume    = {39},
  publisher = {Springer},
  year      = {2018}
}

@misc{Balog:2020:arXiv,
  author        = {Krisztian Balog and Lucie Flekova and Matthias Hagen and Rosie Jones and Martin Potthast and Filip Radlinski and Mark Sanderson and Svitlana Vakulenko and Hamed Zamani},
  title         = {Common Conversational Community Prototype: Scholarly Conversational Assistant},
  archiveprefix = {arXiv},
  eprint        = {2001.06910},
  primaryclass  = {cs.CL},
  year          = {2020}
}

@mastersthesis{Dyer:2019:BachelorThesis,
  author = {Dyer, Joseph and Kunkel, Dr. Julian},
  school = {University of Reading},
  title  = {Beamer Slide Composition},
  year   = {2019},
  type   = {Bachelor's Thesis}
}

@article{Fu:2022:AAAI,
  author  = {Fu, Tsu-Jui and Wang, William Yang and McDuff, Daniel and Song, Yang},
  title   = {{DOC2PPT: Automatic Presentation Slides Generation from Scientific Documents}},
  journal = {Proceedings of the ... AAAI Conference on Artificial Intelligence},
  volume  = {36},
  number  = {1},
  pages   = {634--642},
  year    = {2022}
}  

@article{Hu:2015:TKDE,
  author  = {Hu, Yue and Wan, Xiaojun},
  year    = {2015},
  month   = {04},
  pages   = {1085-1097},
  title   = {PPSGen: Learning-Based Presentation Slides Generation for Academic Papers},
  volume  = {27},
  journal = {Knowledge and Data Engineering, IEEE Transactions on}
}

@misc{Lev:2019:arXiv,
  title         = {TalkSumm: A Dataset and Scalable Annotation Method for Scientific Paper Summarization Based on Conference Talks},
  author        = {Guy Lev and Michal Shmueli-Scheuer and Jonathan Herzig and Achiya Jerbi and David Konopnicki},
  year          = {2019},
  eprint        = {1906.01351},
  archiveprefix = {arXiv},
  primaryclass  = {cs.CL}
}

@phdthesis{Maxwell:2019:PhDThesis,
  author = {Maxwell, David Martin},
  title  = {Modelling search and stopping in interactive information retrieval},
  school = {University of Glasgow},
  year   = {2019}
}

@misc{Qiang:2017:arXiv,
  title         = {Learning to Generate Posters of Scientific Papers by Probabilistic Graphical Models},
  author        = {Yu-ting Qiang and Yanwei Fu and Xiao Yu and Yanwen Guo and Zhi-Hua Zhou and Leonid Sigal},
  year          = {2017},
  eprint        = {1702.06228},
  archiveprefix = {arXiv},
  primaryclass  = {cs.CV}
}

@mastersthesis{Ramsay:2021:BachelorThesis,
  author = {Ramsay, David Gordon and Pop, Rebeca},
  school = {University of Stavanger},
  title  = {ArXiv Table Extractor},
  year   = {2021},
  type   = {Bachelor's Thesis}
}

@misc{Rasa:2022:doc,
  author = {Rasa Technologies Inc.},
  title  = {Rasa Documentation},
  year   = {2022},
  url    = {https://rasa.com/docs/rasa/},
  note   = {Accessed: 2022-01-25}
}

@article{Sanderson:2010:FnTIR,
  author  = {Sanderson, Mark},
  title   = {Test Collection Based Evaluation of Information Retrieval Systems},
  journal = {Found. Trends Inf. Retr.},
  volume  = {4},
  number  = {4},
  pages   = {247--375},
  year    = {2010}
}

@inproceedings{Sefid:2019:K-CAP,
  author    = {Sefid, Athar and Wu, Jian},
  title     = {Automatic slide generation for scientific papers},
  booktitle = {Third International Workshop on Capturing Scientific Knowledge co-located with the 10th International Conference on Knowledge Capture (K-CAP 2019), SciKnow@ K-CAP 2019},
  year      = {2019}
}

@misc{Sefid:2021:arXiv,
  author        = {Athar Sefid and Jian Wu and Prasenjit Mitra and Lee Giles},
  title         = {Extractive Research Slide Generation Using Windowed Labeling Ranking},
  archiveprefix = {arXiv},
  eprint        = {2106.03246},
  primaryclass  = {cs.CL},
  year          = {2021}
}

@article{Shaj:2020:IJER,
  author  = {Shaj, Kevin},
  year    = {2020},
  month   = {07},
  pages   = {},
  title   = {Learning Based Slide Generator},
  volume  = {V9},
  journal = {International Journal of Engineering Research and}
}

@misc{Sun:2021:arXiv,
  title         = {D2S: Document-to-Slide Generation Via Query-Based Text Summarization},
  author        = {Edward Sun and Yufang Hou and Dakuo Wang and Yunfeng Zhang and Nancy X. R. Wang},
  year          = {2021},
  eprint        = {2105.03664},
  archiveprefix = {arXiv},
  primaryclass  = {cs.CL}
}

@article{Wang:2017:AAAI,
  author  = {Wang, Sida and Wan, Xiaojun and Du, Shikang},
  year    = {2017},
  month   = {02},
  pages   = {},
  title   = {Phrase-Based Presentation Slides Generation for Academic Papers},
  volume  = {31},
  journal = {Proceedings of the AAAI Conference on Artificial Intelligence}
}

@inproceedings{Wang:2020:DocEng,
  author    = {Wang, Zelun and Liu, Jyh-Charn},
  title     = {{PDF2LaTeX: A Deep Learning System to Convert Mathematical Documents from PDF to LaTeX}},
  booktitle = {Proceedings of the ACM Symposium on Document Engineering 2020},
  series    = {DocEng '20},
  year      = {2020}
}

@inproceedings{Zhang:2020:KDD,
  author    = {Zhang, Shuo and Balog, Krisztian},
  title     = {Evaluating Conversational Recommender Systems via User Simulation},
  booktitle = {Proceedings of the 26th ACM SIGKDD International Conference on Knowledge Discovery \& Data Mining},
  series    = {KDD '20},
  pages     = {1512--1520},
  year      = {2020}
}